@misc{sklearn,
	howpublished ={\url{https://scikit-learn.org/stable/}},
	note = {Accessed Aprial, 2018},
	title = {Homepage of Scikit-Learn},
	author = {},
	year = {2018},
}

@misc{awa2,
	howpublished ={\url{http://cvml.ist.ac.at/AwA2/}},
	note = {Accessed Aprial, 2018},
	title = {Homepage of AwA2 dataset},
	author = {},
	year = {2018},
}

@article{SVM,
	author = {Guyon, Isabelle and Boser, Bernhard and Vapnik, V},
	year = {1996},
	month = {08},
	pages = {},
	title = {Automatic Capacity Tuning of Very Large VC-dimension Classifiers},
	volume = {5},
	journal = {Advances in Neural Information Processing Systems}
}

@article{ovo,
	author = {Milgram, Jonathan and Cheriet, Mohamed and Sabourin, Robert},
	year = {2006},
	month = {10},
	pages = {},
	title = {“One Against One” or “One Against All”: Which One is Better for Handwriting Recognition with SVMs?}
}

@article{ROC,
	author = {Powers, David and , Ailab},
	year = {2011},
	month = {01},
	pages = {2229-3981},
	title = {Evaluation: From precision, recall and F-measure to ROC, informedness, markedness & correlation},
	volume = {2},
	journal = {J. Mach. Learn. Technol},
	doi = {10.9735/2229-3981}
}

@article{kernel,
	author = {Maji, Subhransu and C Berg, Alexander and Malik, Jitendra},
	year = {2012},
	month = {02},
	pages = {},
	title = {Efficient Classification for Additive Kernel SVMs},
	volume = {35},
	journal = {IEEE transactions on pattern analysis and machine intelligence},
	doi = {10.1109/TPAMI.2012.62}
}

@inproceedings{kour2014fast,
  title={Fast classification of handwritten on-line Arabic characters},
  author={Kour, George and Saabne, Raid},
  booktitle={Soft Computing and Pattern Recognition (SoCPaR), 2014 6th International Conference of},
  pages={312--318},
  year={2014},
  organization={IEEE}
}

@article{hadash2018estimate,
  title={Estimate and Replace: A Novel Approach to Integrating Deep Neural Networks with Existing Applications},
  author={Hadash, Guy and Kermany, Einat and Carmeli, Boaz and Lavi, Ofer and Kour, George and Jacovi, Alon},
  journal={arXiv preprint arXiv:1804.09028},
  year={2018}
}